
@misc{Chamorro-Premuzic2014,
  author =        {Tomas Chamorro-Premuzic},
  title =         {The distraction economy: how technology downgraded attention},
  month =         {December},
  howpublished=   {TheGuardian (online), \url{http://www.theguardian.com/media-network/media-network-blog/2014/dec/15/distraction-economy-technology-downgraded-attention-facebook-tinder}},
  year =          {2014}
}

@misc{Wroblewski2014,
  author =        {Luke Wroblewski},
  title =         {4 surprising app-design principles, from the Instagram of quick quizzes},
  month =         {December},
  howpublished=   {Fast Company (online), \url{http://www.fastcodesign.com/1672257/4-surprising-app-design-principles-from-the-instagram-of-quick-quizzes}},
  year =          {2013}
}

@misc{Meeker2013,
  author =        {Mary Meeker and Liang Wu},
  title =         {{Internet Trends D11 Conference}},
  month =         {May},
  howpublished=   {KPCB (online), \url{http://www.kpcb.com/blog/2013-internet-trends}},
  year =          {2013}
}

@misc{Paul2013,
  author =        {Annie Murphy Paul},
  title =         {How does multi-tasking change the way kids learn?},
  month =         {May},
  howpublished=   {Mind/Shift (online), \url{http://ww2.kqed.org/mindshift/2013/05/03/how-does-multitasking-change-the-way-kids-learn/}},
  year =          {2013}
}




